@article{petroni2019language,
  title={Language models as knowledge bases?},
  author={Petroni, Fabio and Rockt{\"a}schel, Tim and Lewis, Patrick and Bakhtin, Anton and Wu, Yuxiang and Miller, Alexander H and Riedel, Sebastian},
  journal={arXiv preprint arXiv:1909.01066},
  year={2019}
}

@inproceedings{bender2021dangers,
  title={On the Dangers of Stochastic Parrots: Can Language Models Be Too Big? \emoji{parrot}},
  author={Bender, Emily M and Gebru, Timnit and McMillan-Major, Angelina and Shmitchell, Shmargaret},
  booktitle={Proceedings of the 2021 ACM Conference on Fairness, Accountability, and Transparency},
  pages={610--623},
  year={2021}
}

@article{alkhamissi2022review,
  title={A review on language models as knowledge bases},
  author={AlKhamissi, Badr and Li, Millicent and Celikyilmaz, Asli and Diab, Mona and Ghazvininejad, Marjan},
  journal={arXiv preprint arXiv:2204.06031},
  year={2022}
}

@incollection{scharp2020philosophy,
  title={Philosophy as the study of defective concepts},
  author={Scharp, Kevin},
  booktitle={Conceptual engineering and conceptual ethics},
  pages={396--416},
  year={2020},
  publisher={Oxford University Press}
}

@article{dutilh2020carnapian,
  title={Carnapian explication and ameliorative analysis: A systematic comparison},
  author={Dutilh Novaes, Catarina},
  journal={Synthese},
  volume={197},
  number={3},
  pages={1011--1034},
  year={2020},
  publisher={Springer}
}

@book{dutilh2012formal,
  title={Formal languages in logic: A philosophical and cognitive analysis},
  author={Novaes, Catarina Dutilh},
  year={2012},
  publisher={Cambridge University Press}
}

@article{dutilh2017carnapian,
  title={Carnapian explication, formalisms as cognitive tools, and the paradox of adequate formalization},
  author={Dutilh Novaes, Catarina and Reck, Erich},
  journal={Synthese},
  volume={194},
  pages={195--215},
  year={2017},
  publisher={Springer}
}

@book{carus2007carnap,
  title={Carnap and twentieth-century thought: Explication as enlightenment},
  author={Carus, Andr{\'e} W},
  year={2007},
  publisher={Cambridge University Press}
}

@incollection{simon2019computer,
  title={The computer as a laboratory for epistemology},
  author={Simon, Herbert A},
  booktitle={Philosophy and the Computer},
  pages={3--23},
  year={2019},
  publisher={Routledge}
}

@article{shanahan2022talking,
  title={Talking About Large Language Models},
  author={Shanahan, Murray},
  journal={arXiv preprint arXiv:2212.03551},
  year={2022}
}

@book{carnap1988meaning,
  title={Meaning and necessity: a study in semantics and modal logic},
  author={Carnap, Rudolf},
  volume={30},
  year={1988},
  publisher={University of Chicago Press}
}

@article{mahowald2023dissociating,
  title={Dissociating language and thought in large language models: a cognitive perspective},
  author={Mahowald, Kyle and Ivanova, Anna A and Blank, Idan A and Kanwisher, Nancy and Tenenbaum, Joshua B and Fedorenko, Evelina},
  journal={arXiv preprint arXiv:2301.06627},
  year={2023}
}

@article{cohen2023crawling,
  title={Crawling the Internal Knowledge-Base of Language Models},
  author={Cohen, Roi and Geva, Mor and Berant, Jonathan and Globerson, Amir},
  journal={arXiv preprint arXiv:2301.12810},
  year={2023}
}

@incollection{frankfurt2009bullshit,
  title={On bullshit},
  author={Frankfurt, Harry G},
  booktitle={On Bullshit},
  year={2009},
  publisher={Princeton University Press}
}

@article{haslanger2000gender,
  title={Gender and race:(What) are they? (What) do we want them to be?},
  author={Haslanger, Sally},
  journal={No{\^u}s},
  volume={34},
  number={1},
  pages={31--55},
  year={2000},
  publisher={JSTOR}
}

